@article{zhu2020modelling,
  title={Modelling the acceptance of fully autonomous vehicles: a media-based perception and adoption model},
  author={Zhu, Ge and Chen, Yuche and Zheng, Jiali},
  journal={Transportation research part F: traffic psychology and behaviour},
  volume={73},
  pages={80--91},
  year={2020},
  publisher={Elsevier}
}
@article{mohajer2020enhancing,
  title={Enhancing passenger comfort in autonomous vehicles through vehicle handling analysis and optimization},
  author={Mohajer, Navid and Nahavandi, Saeid and Abdi, Hamid and Najdovski, Zoran},
  journal={IEEE Intelligent Transportation Systems Magazine},
  volume={13},
  number={3},
  pages={156--173},
  year={2020},
  publisher={IEEE}
}
@article{du2018velocity,
  title={Velocity control strategies to improve automated vehicle driving comfort},
  author={Du, Yuchuan and Liu, Chenglong and Li, Yishun},
  journal={IEEE Intelligent transportation systems magazine},
  volume={10},
  number={1},
  pages={8--18},
  year={2018},
  publisher={IEEE}
}
@inproceedings{michalowska2017autonomous,
  title={Autonomous vehicles and road safety},
  author={Michalowska, Maria and Oglozinski, Mariusz},
  booktitle={International Conference on Transport Systems Telematics},
  pages={191--202},
  year={2017},
  organization={Springer}
}
@incollection{delle2019feedback,
  title={Feedback control algorithms for the dissipation of traffic waves with autonomous vehicles},
  author={Delle Monache, Maria Laura and Liard, Thibault and Rat, Anais and Stern, Raphael and Bhadani, Rahul and Seibold, Benjamin and Sprinkle, Jonathan and Work, Daniel B and Piccoli, Benedetto},
  booktitle={Computational Intelligence and Optimization Methods for Control Engineering},
  pages={275--299},
  year={2019},
  publisher={Springer}
}
@article{stern2018dissipation,
  title={Dissipation of stop-and-go waves via control of autonomous vehicles: Field experiments},
  author={Stern, Raphael E and Cui, Shumo and Delle Monache, Maria Laura and Bhadani, Rahul and Bunting, Matt and Churchill, Miles and Hamilton, Nathaniel and Pohlmann, Hannah and Wu, Fangyu and Piccoli, Benedetto and others},
  journal={Transportation Research Part C: Emerging Technologies},
  volume={89},
  pages={205--221},
  year={2018},
  publisher={Elsevier}
}
@inproceedings{bhadani2019real,
  title={Real-time distance estimation and filtering of vehicle headways for smoothing of traffic waves},
  author={Bhadani, Rahul and Bunting, Matthew and Seibold, Benjamin and Stern, Raphael and Cui, Shumo and Sprinkle, Jonathan and Piccoli, Benedetto and Work, Daniel B},
  booktitle={Proceedings of the 10th ACM/IEEE International Conference on Cyber-Physical Systems},
  pages={280--290},
  year={2019}
}
@inproceedings{bhadani2018dissipation,
  title={Dissipation of emergent traffic waves in stop-and-go traffic using a supervisory controller},
  author={Bhadani, Rahul Kumar and Piccoli, Benedetto and Seibold, Benjamin and Sprinkle, Jonathan and Work, Daniel},
  booktitle={2018 IEEE Conference on Decision and Control (CDC)},
  pages={3628--3633},
  year={2018},
  organization={IEEE}
}
@inproceedings{lichtle2021fuel,
  title={Fuel Consumption Reduction of Multi-Lane Road Networks using Decentralized Mixed-Autonomy Control},
  author={Lichtle, Nathan and Vinitsky, Eugene and Gunter, George and Velu, Akash and Bayen, Alexandre M},
  booktitle={2021 IEEE International Intelligent Transportation Systems Conference (ITSC)},
  pages={2068--2073},
  year={2021},
  organization={IEEE}
}
@article{qin2018stability,
  title={Stability analysis of connected and automated vehicles to reduce fuel consumption and emissions},
  author={Qin, Yanyan and Wang, Hao and Ran, Bin},
  journal={Journal of Transportation Engineering, Part A: Systems},
  volume={144},
  number={11},
  pages={04018068},
  year={2018},
  publisher={American Society of Civil Engineers}
}
@inproceedings{shah2018airsim,
  title={Airsim: High-fidelity visual and physical simulation for autonomous vehicles},
  author={Shah, Shital and Dey, Debadeepta and Lovett, Chris and Kapoor, Ashish},
  booktitle={Field and service robotics},
  pages={621--635},
  year={2018},
  organization={Springer}
}
@inproceedings{dosovitskiy2017carla,
  title={CARLA: An open urban driving simulator},
  author={Dosovitskiy, Alexey and Ros, German and Codevilla, Felipe and Lopez, Antonio and Koltun, Vladlen},
  booktitle={Conference on robot learning},
  pages={1--16},
  year={2017},
  organization={PMLR}
}
@inproceedings{bhadani2018cat,
  title={{The CAT Vehicle Testbed: A Simulator with Hardware in the Loop for Autonomous Vehicle Applications}},
  author={Bhadani, Rahul and Sprinkle, Jonathan and Bunting, Matthew},
  booktitle={Proceedings 2nd International Workshop on Safe Control of Autonomous Vehicles (SCAV 2018), Porto, Portugal, 10th April 2018, Electronic Proceedings in Theoretical Computer Science 269},
  volume={269},
  pages={32--47},
  year={2018}
}
@article{wu2017flow,
  title={Flow: Architecture and benchmarking for reinforcement learning in traffic control},
  author={Wu, Cathy and Kreidieh, Aboudy and Parvate, Kanaad and Vinitsky, Eugene and Bayen, Alexandre M},
  journal={arXiv preprint arXiv:1710.05465},
  volume={10},
  year={2017}
}
@inproceedings{quigley2009ros,
  title={ROS: an open-source Robot Operating System},
  author={Quigley, Morgan and Conley, Ken and Gerkey, Brian and Faust, Josh and Foote, Tully and Leibs, Jeremy and Wheeler, Rob and Ng, Andrew Y and others},
  booktitle={ICRA workshop on open source software},
  volume={3},
  number={3.2},
  pages={5},
  year={2009},
  organization={Kobe, Japan}
}
@inproceedings{koenig2004design,
  title={Design and use paradigms for gazebo, an open-source multi-robot simulator},
  author={Koenig, Nathan and Howard, Andrew},
  booktitle={2004 IEEE/RSJ International Conference on Intelligent Robots and Systems (IROS)(IEEE Cat. No. 04CH37566)},
  volume={3},
  pages={2149--2154},
  year={2004},
  organization={IEEE}
}